<?xml version="1.0"?>
<marc:collection xmlns:marc="http://www.loc.gov/MARC21/slim" xmlns:xsi="http://www.w3.org/2001/XMLSchema-instance" xsi:schemaLocation="http://www.loc.gov/MARC21/slim http://www.loc.gov/standards/marcxml/schema/MARC21slim.xsd">
   <marc:record type="Bibliographic">
      <marc:leader>01176cam a22003015  4500</marc:leader>
      <marc:controlfield tag="001">2787904</marc:controlfield>
      <marc:controlfield tag="003">NjP</marc:controlfield>
      <marc:controlfield tag="005">20121214113839.0</marc:controlfield>
      <marc:controlfield tag="008">991120s1955    sy a          000 0 ara d</marc:controlfield>
      <marc:datafield tag="024" ind1="7" ind2=" ">
         <marc:subfield code="a">princeton_aco000119</marc:subfield>
         <marc:subfield code="2">local</marc:subfield>
      </marc:datafield>
      <marc:datafield tag="035" ind1=" " ind2=" ">
         <marc:subfield code="a">(OCoLC)ocn178692714</marc:subfield>
      </marc:datafield>
      <marc:datafield tag="035" ind1=" " ind2=" ">
         <marc:subfield code="a">(OCoLC)ocm42862637</marc:subfield>
      </marc:datafield>
      <marc:datafield tag="040" ind1=" " ind2=" ">
         <marc:subfield code="a">PUL</marc:subfield>
         <marc:subfield code="c">PUL</marc:subfield>
         <marc:subfield code="d">PUL</marc:subfield>
      </marc:datafield>
      <marc:datafield tag="035" ind1=" " ind2=" ">
         <marc:subfield code="a">(OCoLC)178692714</marc:subfield>
      </marc:datafield>
      <marc:datafield tag="035" ind1=" " ind2=" ">
         <marc:subfield code="9">CNJ6933TS</marc:subfield>
      </marc:datafield>
      <marc:datafield tag="035" ind1=" " ind2=" ">
         <marc:subfield code="a">(NjP)2787904</marc:subfield>
      </marc:datafield>
      <marc:datafield tag="079" ind1=" " ind2=" ">
         <marc:subfield code="a">ocm42862637</marc:subfield>
      </marc:datafield>
      <marc:datafield tag="049" ind1=" " ind2=" ">
         <marc:subfield code="a">PULL</marc:subfield>
      </marc:datafield>
      <marc:datafield tag="245" ind1="0" ind2="0">
         <marc:subfield code="6">880-01</marc:subfield>
         <marc:subfield code="a">Muh&#x323;ammad Sali&#x304;m al-Jundi&#x304;;</marc:subfield>
         <marc:subfield code="b">kalima&#x304;t afa&#x304;d&#x323;il al-Sha&#x304;m bi-muna&#x304;sabat ih&#x323;tifa&#x304;l al-Ja&#x304;mi&#x2BB;ah al-Su&#x304;ri&#x304;yah bi-dhikra&#x304; al-arba&#x2BB;i&#x304;n lahu.</marc:subfield>
      </marc:datafield>
      <marc:datafield tag="246" ind1="0" ind2="4">
         <marc:subfield code="6">880-02</marc:subfield>
         <marc:subfield code="a">Muhammad Sali&#x304;m al-Jundi&#x304; fi&#x304; h&#x323;aflat al-arba&#x2BB;i&#x304;n</marc:subfield>
      </marc:datafield>
      <marc:datafield tag="260" ind1=" " ind2=" ">
         <marc:subfield code="a">[Damascus?</marc:subfield>
         <marc:subfield code="c">1955?]</marc:subfield>
      </marc:datafield>
      <marc:datafield tag="300" ind1=" " ind2=" ">
         <marc:subfield code="a">80 p.</marc:subfield>
         <marc:subfield code="b">illus.</marc:subfield>
         <marc:subfield code="c">24 cm.</marc:subfield>
      </marc:datafield>
      <marc:datafield tag="546" ind1=" " ind2=" ">
         <marc:subfield code="a">In Arabic.</marc:subfield>
      </marc:datafield>
      <marc:datafield tag="600" ind1="1" ind2="0">
         <marc:subfield code="6">880-03</marc:subfield>
         <marc:subfield code="a">Jundi&#x304;, Muh&#x323;ammad Sali&#x304;m.</marc:subfield>
      </marc:datafield>
      <marc:datafield tag="880" ind1="0" ind2="0">
         <marc:subfield code="6">245-01/r</marc:subfield>
         <marc:subfield code="a">&#x645;&#x62D;&#x645;&#x62F; &#x633;&#x644;&#x64A;&#x645; &#x627;&#x644;&#x62C;&#x646;&#x62F;&#x64A;&#x61B;</marc:subfield>
         <marc:subfield code="b">&#x643;&#x644;&#x645;&#x627;&#x62A; &#x627;&#x641;&#x627;&#x636;&#x644; &#x627;&#x644;&#x634;&#x627;&#x645; &#x628;&#x645;&#x646;&#x627;&#x633;&#x628;&#x629; &#x627;&#x62D;&#x62A;&#x641;&#x627;&#x644; &#x627;&#x644;&#x62C;&#x627;&#x645;&#x639;&#x629; &#x627;&#x644;&#x633;&#x648;&#x631;&#x64A;&#x629; &#x628;&#x630;&#x643;&#x631;&#x627; &#x627;&#x644;&#x627;&#x631;&#x628;&#x639;&#x64A;&#x646; &#x644;&#x647;.</marc:subfield>
      </marc:datafield>
      <marc:datafield tag="880" ind1="0" ind2="4">
         <marc:subfield code="6">246-02/r</marc:subfield>
         <marc:subfield code="a">&#x645;&#x647;&#x645;&#x62F; &#x633;&#x644;&#x64A;&#x645; &#x627;&#x644;&#x62C;&#x646;&#x62F;&#x64A; &#x641;&#x64A; &#x62D;&#x641;&#x644;&#x629; &#x627;&#x644;&#x627;&#x631;&#x628;&#x639;&#x64A;&#x646;</marc:subfield>
      </marc:datafield>
      <marc:datafield tag="880" ind1="1" ind2="0">
         <marc:subfield code="6">600-03/r</marc:subfield>
         <marc:subfield code="a">&#x62C;&#x646;&#x62F;&#x64A;&#x60C; &#x645;&#x62D;&#x645;&#x62F; &#x633;&#x644;&#x64A;&#x645;.</marc:subfield>
      </marc:datafield>
      <marc:datafield tag="911" ind1=" " ind2=" ">
         <marc:subfield code="a">20000130</marc:subfield>
      </marc:datafield>
      <marc:datafield tag="994" ind1=" " ind2=" ">
         <marc:subfield code="a">C0</marc:subfield>
         <marc:subfield code="b">PUL</marc:subfield>
      </marc:datafield>
      <marc:datafield tag="999" ind1=" " ind2=" ">
         <marc:subfield code="a">2787904</marc:subfield>
      </marc:datafield>
   </marc:record>
</marc:collection>
